<collection xmlns="http://www.loc.gov/MARC21/slim">
<record>
  <leader>01512nam0a2200289 i 450 </leader>
  <controlfield tag="001">IT\ICCU\CNCE\001095</controlfield>
  <controlfield tag="005">20110909000000.0</controlfield>
  <datafield tag="012" ind1=" " ind2=" ">
    <subfield code="a">a.m. u.r- o.s. CoIl (C) 1521 (R)</subfield>
    <subfield code="2">fei</subfield>
  </datafield>
  <datafield tag="100" ind1=" " ind2=" ">
    <subfield code="a">19970101d1521        0itac0103    ba</subfield>
  </datafield>
  <datafield tag="101" ind1=" " ind2=" ">
    <subfield code="a">LAT</subfield>
  </datafield>
  <datafield tag="102" ind1=" " ind2=" ">
    <subfield code="a">IT</subfield>
  </datafield>
  <datafield tag="200" ind1="1" ind2=" ">
    <subfield code="a">℗Alexandri Rhotomagi ℗Nuper diligenti castigatione opus excultum cum interpretationibus emendatissimis que passim corrupte legebantur in pristinum sensum restitutis vt sicum aliijs exemplaribus collatum fuerit liquido constabit</subfield>
  </datafield>
  <datafield tag="210" ind1=" " ind2=" ">
    <subfield code="e">Impressum Parmae</subfield>
    <subfield code="g">per Octauianum Saladium</subfield>
    <subfield code="h">1521 die X Martij</subfield>
  </datafield>
  <datafield tag="215" ind1=" " ind2=" ">
    <subfield code="a">\68! c.</subfield>
    <subfield code="c">ill.</subfield>
    <subfield code="d">4ʻ</subfield>
  </datafield>
  <datafield tag="620" ind1=" " ind2=" ">
    <subfield code="a">IT</subfield>
    <subfield code="d">Parma</subfield>
  </datafield>
  <datafield tag="700" ind1=" " ind2="0">
    <subfield code="a">Alexander</subfield>
    <subfield code="c"> : de#Villa Dei</subfield>
    <subfield code="3">IT\ICCU\CNCA\000597</subfield>
  </datafield>
  <datafield tag="712" ind1="0" ind2="0">
    <subfield code="a">Saladi, Ottaviano</subfield>
    <subfield code="3">IT\ICCU\CNCT\000202</subfield>
    <subfield code="4">650</subfield>
  </datafield>
  <datafield tag="790" ind1=" " ind2="0">
    <subfield code="a">Alexandre</subfield>
    <subfield code="c"> : de#Villedieu</subfield>
    <subfield code="3">IT\ICCU\CNCA\007565</subfield>
    <subfield code="z">Alexander : de#Villa Dei</subfield>
  </datafield>
  <datafield tag="790" ind1=" " ind2="0">
    <subfield code="a">Alexander</subfield>
    <subfield code="c"> : Grammaticus</subfield>
    <subfield code="3">IT\ICCU\CNCA\012407</subfield>
    <subfield code="z">Alexander : de#Villa Dei</subfield>
  </datafield>
  <datafield tag="791" ind1="0" ind2="0">
    <subfield code="a">Sallado, Ottaviano</subfield>
    <subfield code="3">IT\ICCU\CNCT\002588</subfield>
    <subfield code="z">Saladi, Ottaviano</subfield>
  </datafield>
  <datafield tag="791" ind1="0" ind2="0">
    <subfield code="a">Saladus, Octavianus</subfield>
    <subfield code="3">IT\ICCU\CNCT\005533</subfield>
    <subfield code="z">Saladi, Ottaviano</subfield>
  </datafield>
  <datafield tag="791" ind1="0" ind2="0">
    <subfield code="a">Saladius, Octavianus</subfield>
    <subfield code="3">IT\ICCU\CNCT\005535</subfield>
    <subfield code="z">Saladi, Ottaviano</subfield>
  </datafield>
  <datafield tag="801" ind1=" " ind2="3">
    <subfield code="a">IT</subfield>
    <subfield code="b">ICCU</subfield>
    <subfield code="c">20201113</subfield>
  </datafield>
  <datafield tag="899" ind1=" " ind2=" ">
    <subfield code="a">Biblioteca comunale dell&apos;Archiginnasio. Bologna</subfield>
    <subfield code="1">BO0304</subfield>
    <subfield code="2">UBO GA</subfield>
  </datafield>
  <datafield tag="899" ind1=" " ind2=" ">
    <subfield code="a">Biblioteca Palatina. Parma</subfield>
    <subfield code="1">PR0072</subfield>
    <subfield code="2">PAR PA</subfield>
  </datafield>
  <datafield tag="899" ind1=" " ind2=" ">
    <subfield code="a">Biblioteche della Fondazione Giorgio Cini onlus. Venezia</subfield>
    <subfield code="1">VE0239</subfield>
    <subfield code="2">VEA FC</subfield>
  </datafield>
  <datafield tag="921" ind1=" " ind2=" ">
    <subfield code="a">IT\ICCU\CNCM\000596</subfield>
    <subfield code="b">Sole con volto umano.</subfield>
    <subfield code="c">K122</subfield>
    <subfield code="c">V159</subfield>
    <subfield code="d">Dimensioni: 3 x 3</subfield>
    <subfield code="f">SOLE</subfield>
    <subfield code="g">1521</subfield>
  </datafield>
</record>
</collection>
